<?xml version="1.0" encoding="UTF-8"?><record xmlns="info:lc/xmlns/marcxchange-v1" xmlns:xsi="http://www.w3.org/2001/XMLSchema-instance" xsi:schemaLocation="info:lc/xmlns/marcxchange-v1 http://www.loc.gov/standards/iso25577/marcxchange-1-1.xsd">
    <leader>00000n    2200000   4500</leader>
    <datafield ind1="0" ind2="0" tag="001">
        <subfield code="a">23148781</subfield>
        <subfield code="b">870970</subfield>
        <subfield code="c">20001004151325</subfield>
        <subfield code="d">20001004</subfield>
        <subfield code="f">a</subfield>
    </datafield>
    <datafield ind1="0" ind2="0" tag="004">
        <subfield code="r">n</subfield>
        <subfield code="a">e</subfield>
    </datafield>
    <datafield ind1="0" ind2="0" tag="008">
        <subfield code="t">s</subfield>
        <subfield code="u">f</subfield>
        <subfield code="a">1999</subfield>
        <subfield code="b">nl</subfield>
        <subfield code="l">som</subfield>
        <subfield code="v">0</subfield>
    </datafield>
    <datafield ind1="0" ind2="0" tag="009">
        <subfield code="a">s</subfield>
        <subfield code="g">xc</subfield>
        <subfield code="b">a</subfield>
        <subfield code="h">xx</subfield>
    </datafield>
    <datafield ind1="0" ind2="0" tag="039">
        <subfield code="a">und</subfield>
    </datafield>
    <datafield ind1="0" ind2="0" tag="110">
        <subfield code="a">Walaalaha</subfield>
    </datafield>
    <datafield ind1="0" ind2="0" tag="245">
        <subfield code="a">Jiija</subfield>
        <subfield code="e">kooxda Walaalaha</subfield>
        <subfield code="k">Cabdi Maaxi Muunye, Canab, Marqani, Dayib</subfield>
        <subfield code="e">music by Joorje Yare</subfield>
        <subfield code="ø">Banaadir ee Holland</subfield>
    </datafield>
    <datafield ind1="0" ind2="0" tag="260">
        <subfield code="a">Holland</subfield>
        <subfield code="c">1999</subfield>
    </datafield>
    <datafield ind1="0" ind2="0" tag="300">
        <subfield code="n">1 cd</subfield>
    </datafield>
    <datafield ind1="0" ind2="0" tag="504">
        <subfield code="a">Musik fra Banaadir-området i det sydlige Somalia</subfield>
    </datafield>
    <datafield ind1="0" ind2="0" tag="508">
        <subfield code="a">Sunget på banaadiri-sprog</subfield>
    </datafield>
    <datafield ind1="0" ind2="0" tag="531">
        <subfield code="a">Indhold:</subfield>
    </datafield>
    <datafield ind1="0" ind2="0" tag="538">
        <subfield code="g">F6978</subfield>
    </datafield>
    <datafield ind1="0" ind2="0" tag="631">
        <subfield code="a">somalisk musik</subfield>
    </datafield>
    <datafield ind1="0" ind2="0" tag="652">
        <subfield code="m">78.797</subfield>
        <subfield code="v">8436</subfield>
    </datafield>
    <datafield ind1="0" ind2="0" tag="666">
        <subfield code="l">Somalia</subfield>
    </datafield>
    <datafield ind1="0" ind2="0" tag="700">
        <subfield code="å">5</subfield>
        <subfield code="a">Joorje Yare</subfield>
    </datafield>
    <datafield ind1="0" ind2="0" tag="700">
        <subfield code="å">1</subfield>
        <subfield code="a">Cabdi Maaxi Muunye</subfield>
    </datafield>
    <datafield ind1="0" ind2="0" tag="700">
        <subfield code="å">2</subfield>
        <subfield code="a">Canab</subfield>
    </datafield>
    <datafield ind1="0" ind2="0" tag="700">
        <subfield code="å">3</subfield>
        <subfield code="a">Marqani</subfield>
    </datafield>
    <datafield ind1="0" ind2="0" tag="700">
        <subfield code="å">4</subfield>
        <subfield code="a">Dayib</subfield>
    </datafield>
    <datafield ind1="0" ind2="0" tag="795">
        <subfield code="å">11</subfield>
        <subfield code="a">Introduction</subfield>
        <subfield code="a">Aroos</subfield>
        <subfield code="a">Maandaranaa</subfield>
        <subfield code="a">Jiija</subfield>
        <subfield code="a">Ladi</subfield>
        <subfield code="a">Haadbahaadkiyee</subfield>
        <subfield code="a">Midimaagey</subfield>
        <subfield code="a">Waankuuwaramayaa</subfield>
        <subfield code="a">Lila baashaal</subfield>
    </datafield>
    <datafield ind1="0" ind2="0" tag="900">
        <subfield code="a">Yare</subfield>
        <subfield code="h">Joorje</subfield>
        <subfield code="z">700/5</subfield>
    </datafield>
    <datafield ind1="0" ind2="0" tag="900">
        <subfield code="a">Muunye</subfield>
        <subfield code="h">Cabdi Maaxi</subfield>
        <subfield code="z">700/1</subfield>
    </datafield>
    <datafield ind1="0" ind2="0" tag="900">
        <subfield code="a">Maaxi Muunye</subfield>
        <subfield code="h">Cabdi</subfield>
        <subfield code="z">700/1</subfield>
    </datafield>
    <datafield ind1="0" ind2="0" tag="996">
        <subfield code="a">700300</subfield>
    </datafield>
</record>